@article{gonzalez2012powergraph:,
title={PowerGraph: distributed graph-parallel computation on natural graphs},
author={Gonzalez, Joseph and Low, Yucheng and Gu, Haijie and Bickson, Danny and Guestrin, Carlos},
pages={17--30},
year={2012}}

@article{yan2008mining,
title={Mining significant graph patterns by leap search},
author={Yan, Xifeng and Cheng, Hong and Han, Jiawei and Yu, Philip S},
pages={433--444},
year={2008}}