@misc{giraph,
title={Giraph},
howpublished={\url{http://giraph.apache.org/}}
}

@misc{giraph_classifier,
title={Giraph Classifier},
howpublished={\url{https://github.com/smly/giraph-classifier}}
}

@misc{dis_graph_ana,
title={Distributed Graph Analytics},
howpublished={\url{https://github.com/Sotera/distributed-graph-analytics}}
}