@article{stanton2012streaming,
title={Streaming graph partitioning for large distributed graphs},
author={Stanton, Isabelle and Kliot, Gabriel},
pages={1222--1230},
year={2012}}

@misc{giraph,
title={Giraph},
howpublished={\url{http://giraph.apache.org/}}
}

@misc{hadoop,
title={Hadoop},
howpublished={\url{http://hadoop.apache.org/}}
}

@article{andersen2009finding,
title={Finding sparse cuts locally using evolving sets},
author={Andersen, Reid and Peres, Yuval},
pages={235--244},
year={2009}}